%% Journal article
@article{bib1,
  author		= "Campbell, S. L. and Gear, C. W.",
  title			= "The index of general nonlinear {D}{A}{E}{S}",
  journal		= "Numer. {M}ath.",
  volume		= "72",
  number		= "2",
  pages			= "173--196",
  year			= "1995"
}

%% Journal article with DOI
@article{bib2,
  author		= "Slifka, M. K. and Whitton, J. L.",
  title			= "Clinical implications of dysregulated cytokine production",
  journal		= "J. {M}ol. {M}ed.",
  volume		= "78",
  pages			= "74--80",
  year			= "2000",
  doi			= "10.1007/s001090000086"
}

%% Journal article
@article{bib3,
  author		= "Hamburger, C.",
  title			= "Quasimonotonicity, regularity and duality for nonlinear systems of 
					partial differential equations",
  journal		= "Ann. Mat. Pura. Appl.",
  volume		= "169",
  number		= "2",
  pages			= "321--354",
  year			= "1995"
}

%% book, authored
@book{bib4,
  author		= "Geddes, K. O. and Czapor, S. R. and Labahn, G.",
  title			= "Algorithms for {C}omputer {A}lgebra",
  address		= "Boston",
  publisher		= "Kluwer",
  year			= "1992"
}

%% Item 8. Book, chapter
@incollection{bib5,
  author		= "Broy, M.",
  title			= "Software engineering---from auxiliary to key technologies",
  editor		= "Broy, M. and Denert, E.",
  booktitle		= "Software Pioneers",
  pages			= "10--13",
  address		= "New {Y}ork",
  publisher		= "Springer",
  year			= "1992"
}

%% Book, edited
@book{bib6,
  editor		= "Seymour, R. S.",
  title			= "Conductive {P}olymers",
  address		= "New {Y}ork",
  publisher		= "Plenum",
  year			= "1981"
}

%% Chapter in a book in a series with volume titles
@inproceedings{bib7,
  author		= "Smith, S. E.",
  title			= "Neuromuscular blocking drugs in man",
  editor		= "Zaimis, E.",
  volume		= "42",
  booktitle		= "Neuromuscular junction. {H}andbook of experimental pharmacology",
  pages			= "593--660",
  address		= "Heidelberg",
  publisher		= "Springer",
  year			= "1976"
}

%% Paper presented at a conference
@misc{bib8,
  author		= "Chung, S. T. and Morris, R. L.",
  title			= "Isolation and characterization of plasmid deoxyribonucleic acid from 
					Streptomyces fradiae",
  year			= "1978",
  note			= "Paper presented at the 3rd international symposium on the genetics 
					of industrial microorganisms, University of {W}isconsin, {M}adison, 
					4--9 June 1978"
}

%% Data citation example
@misc{bib9,
  author		= "Hao, Z. and AghaKouchak, A. and Nakhjiri, N. and Farahmand, A.",
  title			= "Global integrated drought monitoring and prediction system (GIDMaPS) data sets", 
  year			= "2014",
  note			= "figshare \url{https://doi.org/10.6084/m9.figshare.853801}"
}

%% Preprint citation example
@misc{bib10, 
  author		= "Babichev, S. A. and Ries, J. and Lvovsky, A. I.",
  title			= "Quantum scissors: teleportation of single-mode optical states by means 
					of a nonlocal single photon", 
  year			= "2002",
  note			= "Preprint at \url{https://arxiv.org/abs/quant-ph/0208066v1}"
}

@article{bib11,
  author		= "Beneke, M. and Buchalla, G. and Dunietz, I.",
  title			= "Mixing induced {CP} asymmetries in inclusive {B} decays",
  journal		= "Phys. {L}ett.",
  volume		= "B393",
  year			= "1997",
  pages			= "132-142",
  archivePrefix		= "arXiv",
  eprint		= "0707.3168",
  primaryClass		= "gr-gc"
}

@softmisc{bib12,
  author		= "Stahl, B.",
  title			= "deep{SIP}: deep learning of {S}upernova {I}a {P}arameters",
  version		= "0.42",
  keywords		= "Software",
  howpublished		= "Astrophysics {S}ource {C}ode {L}ibrary",
  year			= "2020",
  month			= "Jun",
  eid			= "ascl:2006.023",
  pages			= "ascl:2006.023",
  archivePrefix		= "ascl",
  eprint		= "2006.023",
  adsurl		= "{https://ui.adsabs.harvard.edu/abs/2020ascl.soft06023S}",
  adsnote		= "Provided by the SAO/NASA Astrophysics Data System"
}


%1
@book{DBLP:books/sp/Aggarwal16,
  author    = {Charu C. Aggarwal},
  title     = {Recommender Systems - The Textbook},
  publisher = {Springer},
  year      = {2016},
}
%2
@inproceedings{DBLP:conf/uai/GopalanHB15,
  author    = {Prem Gopalan and
               Jake M. Hofman and
               David M. Blei},
  title     = {Scalable Recommendation with Hierarchical Poisson Factorization},
  booktitle = {UAI},
  pages     = {326--335},
  year      = {2015}
}

@inproceedings{DBLP:conf/icdm/HuKV08,
  author    = {Yifan Hu and
               Yehuda Koren and
               Chris Volinsky},
  title     = {Collaborative Filtering for Implicit Feedback Datasets},
  booktitle = {ICDM},
  year      = {2008}
}
%4
@inproceedings{DBLP:conf/nips/SalakhutdinovM07,
  author    = {Ruslan Salakhutdinov and
               Andriy Mnih},
  title     = {Probabilistic Matrix Factorization},
  booktitle = {Advances in Neural Information Processing },
  pages     = {1257--1264},
  year      = {2007}
}
%4
@article{DBLP:journals/computer/KorenBV09,
  author    = {Yehuda Koren and
               Robert M. Bell and
               Chris Volinsky},
  title     = {Matrix Factorization Techniques for Recommender Systems},
  journal   = {Computer},
  year      = {2009}
}
@inproceedings{DBLP:conf/uai/RendleFGS09,
  author    = {Steffen Rendle and
               Christoph Freudenthaler and
               Zeno Gantner and
               Lars Schmidt{-}Thieme},
  title     = {{BPR:} Bayesian Personalized Ranking from Implicit Feedback},
  booktitle = {UAI},
  pages     = {452--461},
  year      = {2009},
 
}

@inproceedings{DBLP:conf/www/HeLZNHC17,
  author    = {Xiangnan He and
               Lizi Liao and
               Hanwang Zhang and
               Liqiang Nie and
               Xia Hu and
               Tat{-}Seng Chua},
  title     = {Neural Collaborative Filtering},
  booktitle = {WWW},
  pages     = {173--182},
  year      = {2017}
}

@inproceedings{DBLP:conf/wsdm/WuDZE16,
  author    = {Yao Wu and
               Christopher DuBois and
               Alice X. Zheng and
               Martin Ester},
  title     = {Collaborative Denoising Auto-Encoders for Top-N Recommender Systems},
  booktitle = {WSDM},
  pages     = {153--162},
  year      = {2016}
}


%6
@inproceedings{DBLP:journals/corr/KingmaW13,
  author    = {Diederik P. Kingma and
               Max Welling},
  title     = {Auto-Encoding Variational Bayes},
  booktitle = {ICLR},
  year      = {2014}

}
%7
@inproceedings{DBLP:conf/www/LiangKHJ18,
  author    = {Dawen Liang and
               Rahul G. Krishnan and
               Matthew D. Hoffman and
               Tony Jebara},
  title     = {Variational Autoencoders for Collaborative Filtering},
  booktitle = {WWW},
  pages     = {689--698},
  year      = {2018}
}
%8
@inproceedings{DBLP:conf/recsys/KaramanolakisCN18,
  author    = {Giannis Karamanolakis and
               Kevin Raji Cherian and
               Ananth Ravi Narayan and
               Jie Yuan and
               Da Tang and
               Tony Jebara},
  title     = {Item Recommendation with Variational Autoencoders and Heterogeneous
               Priors},
  booktitle = {RecSys},
  pages     = {10--14},
  year      = {2018}
}

@inproceedings{DBLP:conf/iclr/RazaviOPV19,
  author    = {Ali Razavi and
               A{\"{a}}ron van den Oord and
               Ben Poole and
               Oriol Vinyals},
  title     = {Preventing Posterior Collapse with delta-VAEs},
  booktitle = {ICLR},
  year      = {2019},
}
%9
@inproceedings{DBLP:conf/wsdm/ShenbinATMN20,
  author    = {Ilya Shenbin and
               Anton Alekseev and
               Elena Tutubalina and
               Valentin Malykh and
               Sergey I. Nikolenko},
  title     = {RecVAE: {A} New Variational Autoencoder for Top-N Recommendations
               with Implicit Feedback},
  booktitle = {WSDM},
  pages     = {528--536},
  year      = {2020}
}
%10
@inproceedings{DBLP:conf/nips/MaZ0Y019,
  author    = {Jianxin Ma and
               Chang Zhou and
               Peng Cui and
               Hongxia Yang and
               Wenwu Zhu},
  title     = {Learning Disentangled Representations for Recommendation},
  booktitle = {NeurIPS},
  pages     = {5712--5723},
  year      = {2019}
}
%11
@inproceedings{DBLP:conf/recsys/ZhangZHC20,
  author    = {Yin Zhang and
               Ziwei Zhu and
               Yun He and
               James Caverlee},
 
  title     = {Content-Collaborative Disentanglement Representation Learning for
               Enhanced Recommendation},
  booktitle = {RecSys 2020: Fourteenth {ACM} Conference on Recommender Systems, Virtual
               Event, Brazil, September 22-26, 2020},
  pages     = {43--52},
  year      = {2020},
}
@inproceedings{DBLP:conf/pakdd/PangYW19,
  author    = {Bo Pang and
               Min Yang and
               Chongjun Wang},
  title     = {A Novel Top-N Recommendation Approach Based on Conditional Variational
               Auto-Encoder},
  booktitle = {PAKDD},
  pages     = {357--368},
  year      = {2019}
}

%12
@inproceedings{DBLP:conf/cikm/LeeSM17,
  author    = {Wonsung Lee and
               Kyungwoo Song and
               Il{-}Chul Moon},
  title     = {Augmented Variational Autoencoders for Collaborative Filtering with
               Auxiliary Information},
  booktitle = {CIKM},
  pages     = {1139--1148},
  year      = {2017}
}

%13
@inproceedings{DBLP:conf/cvpr/KolesnikovZB19,
  author    = {Alexander Kolesnikov and
               Xiaohua Zhai and
               Lucas Beyer},
  title     = {Revisiting Self-Supervised Visual Representation Learning},
  booktitle = {CVPR},
  pages     = {1920--1929},
  year      = {2019}
}
%14
@inproceedings{DBLP:conf/cvpr/ZhuMKG20,
  author    = {Yizhe Zhu and
               Martin Renqiang Min and
               Asim Kadav and
               Hans Peter Graf},
  title     = {{S3VAE:} Self-Supervised Sequential {VAE} for Representation Disentanglement
               and Data Generation},
  booktitle = {CVPR},
  pages     = {6537--6546},
  year      = {2020}
}
%15
@inproceedings{DBLP:conf/naacl/DevlinCLT19,
  author    = {Jacob Devlin and
               Ming{-}Wei Chang and
               Kenton Lee and
               Kristina Toutanova},
  title     = {{BERT:} Pre-training of Deep Bidirectional Transformers for Language
               Understanding},
  booktitle = {NAACL-HLT},
  pages     = {4171--4186},
  year      = {2019}
}

%16
@article{DBLP:journals/tiis/HarperK16,
  author    = {F. Maxwell Harper and
               Joseph A. Konstan},
  title     = {The MovieLens Datasets: History and Context},
  journal   = {{ACM} Trans. Interact. Intell. Syst.},
  pages     = {19:1--19:19},
  year      = {2016}
}
 
%17
@article{DBLP:journals/tmm/ZhaoQX16,
  author    = {Guoshuai Zhao and
               Xueming Qian and
               Xing Xie},
  title     = {User-Service Rating Prediction by Exploring Social Users' Rating Behaviors},
  journal   = {{IEEE} Trans. Multim.},
  pages     = {496--506},
  year      = {2016}
}
 
%18
@inproceedings{DBLP:conf/recsys/MassaA07,
  author    = {Paolo Massa and
               Paolo Avesani},
  title     = {Trust-aware recommender systems},
  booktitle = {RecSys
               },
  pages     = {17--24},
  year      = {2007},
}
%19
@inproceedings{DBLP:conf/cvpr/He0WXG20,
  author    = {Kaiming He and
               Haoqi Fan and
               Yuxin Wu and
               Saining Xie and
               Ross B. Girshick},
  title     = {Momentum Contrast for Unsupervised Visual Representation Learning},
  booktitle = {CVPR},
  pages     = {9726--9735},
  year      = {2020},
}
%20
@inproceedings{DBLP:conf/sigir/WuWF0CLX21,
  author    = {Jiancan Wu and
               Xiang Wang and
               Fuli Feng and
               Xiangnan He and
               Liang Chen and
               Jianxun Lian and
               Xing Xie},
  title     = {Self-supervised Graph Learning for Recommendation},
  booktitle = {SIGIR},
  pages     = {726--735},
  year      = {2021}
}
%21
@article{DBLP:journals/corr/abs-2007-12865,
  author    = {Tiansheng Yao and
               Xinyang Yi and
               Derek Zhiyuan Cheng and
               Felix X. Yu and
               Aditya Krishna Menon and
               Lichan Hong and
               Ed H. Chi and
               Steve Tjoa and
               Jieqi Kang and
               Evan Ettinger},
  title     = {Self-supervised Learning for Deep Models in Recommendations},
  journal   = {CoRR},
  year      = {2020}
}
%22
@article{DBLP:journals/corr/abs-2012-09740,
  author    = {Feng Wang and
               Huaping Liu},
  title     = {Understanding the Behaviour of Contrastive Loss},
  journal   = {CoRR},
  year      = {2020}
}

@article{DBLP:journals/tweb/CachedaCFF11,
  author    = {Fidel Cacheda and
               Victor Carneiro and
               Diego Fern{\'{a}}ndez and
               Vreixo Formoso},
  title     = {Comparison of collaborative filtering algorithms: Limitations of current
               techniques and proposals for scalable, high-performance recommender
               systems},
  journal   = {{ACM} Trans. Web},
  year      = {2011}
}
  author    = {Yin Zhang and
               Ziwei Zhu and
               Yun He and
               James Caverlee},
  title     = {Content-Collaborative Disentanglement Representation Learning for
               Enhanced Recommendation},
  booktitle = {RecSys},
  pages     = {43--52},
  year      = {2020}
}

@inproceedings{DBLP:conf/ictir/WuMO20,
  author    = {Yaxiong Wu and
               Craig Macdonald and
               Iadh Ounis},
  
  title     = {A Hybrid Conditional Variational Autoencoder Model for Personalised
               Top-n Recommendation},
  booktitle = {{ICTIR} '20},
  pages     = {89--96},
  
  year      = {2020},
  
}
@inproceedings{DBLP:conf/wsdm/RakeshWSL19,
  author    = {Vineeth Rakesh and
               Suhang Wang and
               Kai Shu and
               Huan Liu},
 
  title     = {Linked Variational AutoEncoders for Inferring Substitutable and Supplementary
               Items},
  booktitle = {WSDM},
  pages     = {438--446},
  year      = {2019},
  
}

@article{DBLP:journals/corr/abs-1808-01006,
  author    = {Kilol Gupta and
               Mukund Yelahanka Raghuprasad and
               Pankhuri Kumar},
  title     = {A Hybrid Variational Autoencoder for Collaborative Filtering},
  journal   = {CoRR},
 
  year      = {2018},
 
 
}

@inproceedings{DBLP:conf/iclr/LobelLGC20,
  author    = {Sam Lobel and
               Chunyuan Li and
               Jianfeng Gao and
               Lawrence Carin},
  title     = {RaCT: Toward Amortized Ranking-Critical Training For Collaborative
               Filtering},
  booktitle = {ICLR},
  
  year      = {2020},
  
}

@inproceedings{DBLP:conf/wsdm/TruongSL21,
  author    = {Quoc{-}Tuan Truong and
               Aghiles Salah and
               Hady W. Lauw},
 
  title     = {Bilateral Variational Autoencoder for Collaborative Filtering},
  booktitle = {WSDM},
  pages     = {292--300},
  
  year      = {2021},
 
}

@inproceedings{DBLP:conf/recsys/LiuWJY19,
  author    = {Huafeng Liu and
               Jingxuan Wen and
               Liping Jing and
               Jian Yu},
 
  title     = {Deep generative ranking for personalized recommendation},
  booktitle = {RecSys
               },
  pages     = {34--42},
  year      = {2019},
  
}

@inproceedings{DBLP:conf/www/LiuJWWSWXY20,
  author    = {Huafeng Liu and
               Liping Jing and
               Jingxuan Wen and
               Zhicheng Wu and
               Xiaoyi Sun and
               Jiaqi Wang and
               Lin Xiao and
               Jian Yu},
  title     = {Deep Global and Local Generative Model for Recommendation},
  booktitle = {WWW},
  pages     = {551--561},
  year      = {2020},
 
}


%%============================================================================%%
%% while using chicago reference style, both abbreviated and expanded form of %%
%% author name format is acceptable. Refer below example for expanded form    %%
%%============================================================================%%

%%  author		= "{Cameron, Deborah}", - single author
%%  author		= "{Saito, Yukio} and {Hyuga, Hiroyuki}", - double author 

%%======================================%%
%% Example for author names with suffix %%
%%======================================%%

%%  author		= "{Price, R. A. Jr} and {Curry, N. {III}} and McCann, K. E. and 
%%					Fielding, J. L. and {Abercrombie, E. Jr}",
